% Encoding: UTF-8

@article{aeff,
  author    = {Danel Ahman and
               Matija Pretnar},
  title     = {Asynchronous effects},
  journal   = {Proc. {ACM} Program. Lang.},
  volume    = {5},
  number    = {{POPL}},
  pages     = {1--28},
  year      = {2021},
  url       = {https://doi.org/10.1145/3434305},
  doi       = {10.1145/3434305},
  timestamp = {Wed, 17 Feb 2021 08:54:02 +0100},
  biburl    = {https://dblp.org/rec/journals/pacmpl/AhmanP21.bib},
  bibsource = {dblp computer science bibliography, https://dblp.org}
}

@misc{selinger2013lecture,
      title={Lecture notes on the lambda calculus}, 
      author={Peter Selinger},
      year={2013},
      eprint={0804.3434},
      archivePrefix={arXiv},
      primaryClass={cs.LO}
}

@misc{rojas2015tutorial,
      title={A Tutorial Introduction to the Lambda Calculus}, 
      author={Raul Rojas},
      year={2015},
      eprint={1503.09060},
      archivePrefix={arXiv},
      primaryClass={cs.LO}
}

@article{bidirectional,
  author    = {Jana Dunfield and
               Neel Krishnaswami},
  title     = {Bidirectional Typing},
  journal   = {CoRR},
  volume    = {abs/1908.05839},
  year      = {2019},
  url       = {http://arxiv.org/abs/1908.05839},
  archivePrefix = {arXiv},
  eprint    = {1908.05839},
  timestamp = {Fri, 11 Dec 2020 08:11:29 +0100},
  biburl    = {https://dblp.org/rec/journals/corr/abs-1908-05839.bib},
  bibsource = {dblp computer science bibliography, https://dblp.org}
}

@article{barendregt,
author = {Barendregt, Henk (Hendrik) and Barendsen, E.},
year = {1984},
month = {01},
pages = {337-372},
title = {Introduction to lambda calculus},
volume = {4},
journal = {Nieuw archief voor wisenkunde}
}

% key je klju훾 za sortiranje, nujen je ker manjka avtor

@Misc{posix,
  title = {POSIX},
  key   = {posix},
  note  = {[ogled 6.\ 4.\ 2021], dostopno na \url{https://en.wikipedia.org/wiki/POSIX_Threads}},
}

@Misc{gil,
  title = {GIL},
  key   = {gil},
  note  = {[ogled 6.\ 4.\ 2021], dostopno na \url{https://en.wikipedia.org/wiki/Global_interpreter_lock}},
}

% dolge url-je se lahko ro훾no prelomi
@Misc{STtemplate,
  title  = {{DRAFT 2016 EU-wide ST templates}},
  key    = {EU-wide ST templates},
  note   = {[ogled 3.\ 8.\ 2016], dostopno na \href{http://www.eba.europa.eu/documents/10180/1259315/DRAFT+2016+EU-wide+ST+templates.xlsx}{\texttt{http://\\www.eba.europa.eu/documents/10180/1259315/DRAFT+2016+EU-wide+ST+\\templates.xlsx}}}
}

% 훾udne znake (npr. %, #) v url-jih je potrebno escapati z \, torej (\%, \#).
@Misc{NunbergerTand,
  title = {{N체rnberger Tand}},
  key   = {Nurnberger Tandl},
  note  = {[ogled 23.\ 1.\ 2018], dostopno na \url{https://www.nuernbergwiki.de/index.php/N\%C3\%BCrnberger_Tand\#Geschichte}}
}


@Comment{jabref-meta: databaseType:bibtex;}

% vim: set tw=0:
